@STRING{Bellab   = "Bell Syst. Tech. J."}
@STRING{i3ecm    = "IEEE Commun. Mag."}%
@STRING{i3espm   = "IEEE Signal Process. Mag."}%
@STRING{i3etassp = "IEEE Trans. Acoust., Speech, Signal Process."}%
@STRING{i3etc    = "IEEE Trans. Commun."}%
@STRING{i3espl   = "IEEE Signal Process. Lett."}%
@STRING{i3ewcl   = "IEEE Wireless Commun. Lett."}%
@STRING{i3ecl    = "IEEE Commun. Lett."}%
@STRING{i3etsp   = "IEEE Trans. Signal Process."}%
@STRING{i3etit   = "IEEE Trans. Inf. Theory"}%
@STRING{i3etifs  = "IEEE Trans. Inf. Forensics Security" }
@STRING{i3etwc   = "IEEE Trans. Wireless Commun."}%
@STRING{i3etvt   = "IEEE Trans. Veh. Technol."}
@STRING{i3ecom   = "IEEE Comput."}
@STRING{isit     = "Proc. Int. Symp. Inf. Theory" }
@STRING{icassp   = "Proc. Int. Conf. on Acoust. Speech and Signal"}
@STRING{i3ejsac  = "IEEE J. Sel. Areas Commun."}%
@STRING{peusip   = "Proc. of Eur. Signal Proc. Conf. (EUSIPCO)"}
@STRING{picomm   = "Proc. Int. Conf. Commun."}
@STRING{asilomar = "Proc. 34th Annual, Asilomar Conferece on Signals, Systems and Computers"}
@STRING{wcnc     = "IEEE Wireless Communications and Networking Conf."}
@STRING{pacrim   = "IEEE Pacific Rim Conference on Communications, Computers and Signal Processing"}

@phdthesis{Bayer_Thesis,
  title={Practical zero-knowledge Protocols based on the discrete logarithm Assumption},
  author={Bayer, Stephanie Gertrud Maria},
  year={2014},
  school={UCL (University College London)}
}

@incollection{BG12,
  title={Efficient zero-knowledge argument for correctness of a shuffle},
  author={Bayer, Stephanie and Groth, Jens},
  booktitle={Advances in Cryptology--EUROCRYPT 2012},
  pages={263--280},
  year={2012},
  publisher={Springer}
}

@article{GR10,
  title={A verifiable secret shuffle of homomorphic encryptions},
  author={Groth, Jens},
  journal={Journal of Cryptology},
  volume={23},
  number={4},
  pages={546--579},
  year={2010},
  publisher={Springer}
}

@incollection{GR09,
  title={Linear algebra with sub-linear zero-knowledge arguments},
  author={Groth, Jens},
  booktitle={Advances in Cryptology-CRYPTO 2009},
  pages={192--208},
  year={2009},
  publisher={Springer}
}

@incollection{GI08,
  title={Sub-linear zero-knowledge argument for correctness of a shuffle},
  author={Groth, Jens and Ishai, Yuval},
  booktitle={Advances in Cryptology--EUROCRYPT 2008},
  pages={379--396},
  year={2008},
  publisher={Springer}
}

@inproceedings{Gr05non,
  title={Non-interactive zero-knowledge arguments for voting},
  author={Groth, Jens},
  booktitle={International Conference on Applied Cryptography and Network Security},
  pages={467--482},
  year={2005},
  organization={Springer}
}

@inproceedings{Gr08non,
  title={Efficient non-interactive proof systems for bilinear groups},
  author={Groth, Jens and Sahai, Amit},
  booktitle={Annual International Conference on the Theory and Applications of Cryptographic Techniques},
  pages={415--432},
  year={2008},
  organization={Springer}
}

@article{GS12non,
  title={Efficient noninteractive proof systems for bilinear groups},
  author={Groth, Jens and Sahai, Amit},
  journal={SIAM Journal on Computing},
  volume={41},
  number={5},
  pages={1193--1232},
  year={2012},
  publisher={SIAM}
}

@article{Chaum81,
  title={Untraceable electronic mail, return addresses, and digital pseudonyms},
  author={Chaum, David L},
  journal={Communications of the ACM},
  volume={24},
  number={2},
  pages={84--90},
  year={1981},
  publisher={ACM}
}

@inproceedings{park93Re-Enc,
	title={Efficient anonymous channel and all/nothing election scheme},
	author={Park, Choonsik and Itoh, Kazutomo and Kurosawa, Kaoru},
	booktitle={Workshop on the Theory and Application of of Cryptographic Techniques},
	pages={248--259},
	year={1993},
	organization={Springer}
}

@inproceedings{Nymble07,
  title={Nymble: Anonymous IP-address blocking},
  author={Johnson, Peter C and Kapadia, Apu and Tsang, Patrick P and Smith, Sean W},
  booktitle={International Workshop on Privacy Enhancing Technologies},
  pages={113--133},
  year={2007},
  organization={Springer}
}

@misc{Tor,
  author = {},
  year = {2013},
  title = {The tor project inc.},
  url = {www.tex.stackexchange.com},
}

@inproceedings{Pedersen91,
  title={Non-interactive and information-theoretic secure verifiable secret sharing},
  author={Pedersen, Torben Pryds},
  booktitle={Annual International Cryptology Conference},
  pages={129--140},
  year={1991},
  organization={Springer}
}

@inproceedings{Elgamal84,
  author	= {Taher {El Gamal}},
  title		= {{A Public Key Cryptosystem and a Signature Scheme Based on Discrete Logarithms}},
  crossref	= {CRYPTO1984},
  pages		= {10--18},
  year      = {1984},
}

@article{FFT65,
  title={An algorithm for the machine calculation of complex Fourier series},
  author={Cooley, James W and Tukey, John W},
  journal={Mathematics of computation},
  volume={19},
  number={90},
  pages={297--301},
  year={1965},
  publisher={JSTOR}
}

@inproceedings{Toom63,
  title={The complexity of a scheme of functional elements realizing the multiplication of integers},
  author={Toom, Andrei L},
  booktitle={Soviet Mathematics Doklady},
  volume={3},
  number={4},
  pages={714--716},
  year={1963}
}

@article{Cook69,
  title={On the minimum computation time of functions},
  author={Cook, Stephen A and Aanderaa, St{\aa}l O},
  journal={Transactions of the American Mathematical Society},
  volume={142},
  pages={291--314},
  year={1969},
  publisher={JSTOR}
}

@article{lim00,
  title={Efficient multi-exponentiation and application to batch verification of digital signatures, 2000},
  author={Lim, Chae Hoon},
  journal={Manuscript available at http://dasan. sejong. ac. kr/~ chlim/pub/multi exp. ps},
  year={2000}
}

@inproceedings{BGMW98,
  title={Fast exponentiation with precomputation},
  author={Brickell, Ernest F and Gordon, Daniel M and McCurley, Kevin S and Wilson, David B},
  booktitle={Workshop on the Theory and Application of of Cryptographic Techniques},
  pages={200--207},
  year={1992},
  organization={Springer}
}

@article{Lipmaa05,
  title={Secure electronic voting protocols},
  author={Lipmaa, Helger},
  year={2005},
  publisher={Wiley}
}

@inproceedings{Lipmaa12non,
  title={Progression-free sets and sublinear pairing-based non-interactive zero-knowledge arguments},
  author={Lipmaa, Helger},
  booktitle={Theory of Cryptography Conference},
  pages={169--189},
  year={2012},
  organization={Springer}
}

@inproceedings{CL10_ACSIP,
  author	= {Rafik Chaabouni and Helger Lipmaa and {abhi} {shelat}},
  title		= {{Additive Combinatorics and Discrete Logarithm Based Range Protocols}},
  crossref	= {ACISP2010},
  pages		= {336--351}
}

@inproceedings{Lipmaa02_ISC,
  author	= {Helger Lipmaa},
  title		= {{Fast Software Implementations of SC2000}},
  crossref	= {ISC2002},
  pages		= {63--74}
}

@article{LZ13non,
  title={A more efficient computationally sound non-interactive zero-knowledge shuffle argument},
  author={Lipmaa, Helger and Zhang, Bingsheng},
  journal={Journal of Computer Security},
  volume={21},
  number={5},
  pages={685--719},
  year={2013},
  publisher={IOS Press}
}

@inproceedings{FL16non,
  title={Efficient culpably sound NIZK shuffle argument without random oracles},
  author={Fauzi, Prastudy and Lipmaa, Helger},
  booktitle={Cryptographers’ Track at the RSA Conference},
  pages={200--216},
  year={2016},
  organization={Springer}
}

@inproceedings{Lipmaa16non,
  title={Prover-efficient commit-and-prove zero-knowledge SNARKs},
  author={Lipmaa, Helger},
  booktitle={International Conference on Cryptology in Africa},
  pages={185--206},
  year={2016},
  organization={Springer}
}

@phdthesis{Adida06,
  title={Advances in cryptographic voting systems},
  author={Adida, Ben},
  year={2006},
  school={Massachusetts Institute of Technology}
}

@inproceedings{Wikstrom09,
  title={A commitment-consistent proof of a shuffle},
  author={Wikstr{\"o}m, Douglas},
  booktitle={Australasian Conference on Information Security and Privacy},
  pages={407--421},
  year={2009},
  organization={Springer}
}

@article{Goldwasser89,
  title={The knowledge complexity of interactive proof systems},
  author={Goldwasser, Shafi and Micali, Silvio and Rackoff, Charles},
  journal={SIAM Journal on computing},
  volume={18},
  number={1},
  pages={186--208},
  year={1989},
  publisher={SIAM}
}

@inproceedings{Furukawa01,
  title={An efficient scheme for proving a shuffle},
  author={Furukawa, Jun and Sako, Kazue},
  booktitle={Annual International Cryptology Conference},
  pages={368--387},
  year={2001},
  organization={Springer}
}

@article{Furukawa05,
  title={Efficient and verifiable shuffling and shuffle-decryption},
  author={Furukawa, Jun},
  journal={IEICE transactions on fundamentals of electronics, communications and computer sciences},
  volume={88},
  number={1},
  pages={172--188},
  year={2005},
  publisher={The Institute of Electronics, Information and Communication Engineers}
}

@inproceedings{Neff01,
  title={A verifiable secret shuffle and its application to e-voting},
  author={Neff, C Andrew},
  booktitle={Proceedings of the 8th ACM conference on Computer and Communications Security},
  pages={116--125},
  year={2001},
  organization={ACM}
}


@inproceedings{Pinocchio,
	title={Pinocchio: Nearly practical verifiable computation},
	author={Parno, Bryan and Howell, Jon and Gentry, Craig and Raykova, Mariana},
	booktitle={Security and Privacy (SP), 2013 IEEE Symposium on},
	pages={238--252},
	year={2013},
	organization={IEEE}
}

@article{VC16overview,
	title={Overview of Verifiable Computing Techniques Providing Private and Public Verification},
	author={Buchmann, Johannes and Demirel, Denise and Derler, David and Schabh{\"u}ser, Lucas and Slamanig, Daniel and Slamanig, Reviewers Daniel and Gross, Thomas},
	year={2016}
}

@inproceedings{PCPs07,
	title={Efficient arguments without short PCPs},
	author={Ishai, Yuval and Kushilevitz, Eyal and Ostrovsky, Rafail},
	booktitle={Twenty-Second Annual IEEE Conference on Computational Complexity (CCC'07)},
	pages={278--291},
	year={2007},
	organization={IEEE}
}

@inproceedings{GGP10,
	title={Non-interactive verifiable computing: Outsourcing computation to untrusted workers},
	author={Gennaro, Rosario and Gentry, Craig and Parno, Bryan},
	booktitle={Annual Cryptology Conference},
	pages={465--482},
	year={2010},
	organization={Springer}
}

@inproceedings{Pepper12,
	title={Making argument systems for outsourced computation practical (sometimes).},
	author={Setty, Srinath TV and McPherson, Richard and Blumberg, Andrew J and Walfish, Michael},
	booktitle={NDSS},
	volume={1},
	number={9},
	pages={17},
	year={2012}
}

@inproceedings{Ginger12,
	title={Taking proof-based verified computation a few steps closer to practicality},
	author={Setty, Srinath and Vu, Victor and Panpalia, Nikhil and Braun, Benjamin and Blumberg, Andrew J and Walfish, Michael},
	booktitle={Presented as part of the 21st USENIX Security Symposium (USENIX Security 12)},
	pages={253--268},
	year={2012}
}

@inproceedings{GGPR13,
	title={Quadratic span programs and succinct NIZKs without PCPs},
	author={Gennaro, Rosario and Gentry, Craig and Parno, Bryan and Raykova, Mariana},
	booktitle={Annual International Conference on the Theory and Applications of Cryptographic Techniques},
	pages={626--645},
	year={2013},
	organization={Springer}
}

@inproceedings{Damgaard91,
	title={Towards practical public key systems secure against chosen ciphertext attacks},
	author={Damg{\aa}rd, Ivan},
	booktitle={Annual International Cryptology Conference},
	pages={445--456},
	year={1991},
	organization={Springer}
}

@inproceedings{Naehrig10,
	title={New software speed records for cryptographic pairings},
	author={Naehrig, Michael and Niederhagen, Ruben and Schwabe, Peter},
	booktitle={International Conference on Cryptology and Information Security in Latin America},
	pages={109--123},
	year={2010},
	organization={Springer}
}

@inproceedings{Barreto05,
	title={Pairing-friendly elliptic curves of prime order},
	author={Barreto, Paulo SLM and Naehrig, Michael},
	booktitle={International Workshop on Selected Areas in Cryptography},
	pages={319--331},
	year={2005},
	organization={Springer}
}

@inproceedings{RPC-MixNets,
	title={Making mix nets robust for electronic voting by randomized partial checking.},
	author={Jakobsson, Markus and Juels, Ari and Rivest, Ronald L},
	booktitle={USENIX security symposium},
	pages={339--353},
	year={2002},
	organization={San Francisco, USA}
}

@inproceedings{Khazaei_RPC,
	title={Randomized partial checking revisited},
	author={Khazaei, Shahram and Wikstr{\"o}m, Douglas},
	booktitle={Cryptographers? Track at the RSA Conference},
	pages={115--128},
	year={2013},
	organization={Springer}
}

@inproceedings{Civitas08,
	title={Civitas: Toward a secure voting system},
	author={Clarkson, Michael R and Chong, Stephen and Myers, Andrew C},
	booktitle={Security and Privacy, 2008. SP 2008. IEEE Symposium on},
	pages={354--368},
	year={2008},
	organization={IEEE}
}

@inproceedings{Pfitzmann94,
	title={Breaking an efficient anonymous channel},
	author={Pfitzmann, Birgit},
	booktitle={Workshop on the Theory and Application of of Cryptographic Techniques},
	pages={332--340},
	year={1994},
	organization={Springer}
}

@article{Scantegrity08,
	title={Scantegrity: End-to-end voter-verifiable optical-scan voting},
	author={Chaum, David and Essex, Aleks and Carback, Richard and Clark, Jeremy and Popoveniuc, Stefan and Sherman, Alan and Vora, Poorvi},
	journal={IEEE Security \& Privacy},
	volume={6},
	number={3},
	year={2008},
	publisher={IEEE}
}

@inproceedings{RPC_Chaum14formal,
	title={Formal analysis of chaumian mix nets with randomized partial checking},
	author={K{\"u}sters, Ralf and Truderung, Tomasz and Vogt, Andreas},
	booktitle={Security and Privacy (SP), 2014 IEEE Symposium on},
	pages={343--358},
	year={2014},
	organization={IEEE}
}


@inproceedings{RPC_Re-Encrypt16formal,
	title={Security Analysis of Re-Encryption RPC Mix Nets},
	author={K{\"u}sters, Ralf and Truderung, Tomasz},
	booktitle={Security and Privacy (EuroS\&P), 2016 IEEE European Symposium on},
	pages={227--242},
	year={2016},
	organization={IEEE}
}

@inproceedings{Kalai2014delegate,
	title={How to delegate computations: the power of no-signaling proofs},
	author={Kalai, Yael Tauman and Raz, Ran and Rothblum, Ron D},
	booktitle={Proceedings of the 46th Annual ACM Symposium on Theory of Computing},
	pages={485--494},
	year={2014},
	organization={ACM}
}

@article{Bitansky16-extract,
	title={On the existence of extractable one-way functions},
	author={Bitansky, Nir and Canetti, Ran and Paneth, Omer and Rosen, Alon},
	journal={SIAM Journal on Computing},
	volume={45},
	number={5},
	pages={1910--1952},
	year={2016},
	publisher={SIAM}
}

@inproceedings{Canetti09-extractable,
	title={Towards a theory of extractable functions},
	author={Canetti, Ran and Dakdouk, Ronny Ramzi},
	booktitle={Theory of Cryptography Conference},
	pages={595--613},
	year={2009},
	organization={Springer}
}

@inproceedings{Gentry11separating,
	title={Separating succinct non-interactive arguments from all falsifiable assumptions},
	author={Gentry, Craig and Wichs, Daniel},
	booktitle={Proceedings of the forty-third annual ACM symposium on Theory of computing},
	pages={99--108},
	year={2011},
	organization={ACM}
}


@inproceedings{Lipmaa13succinct,
	title={Succinct non-interactive zero knowledge arguments from span programs and linear error-correcting codes},
	author={Lipmaa, Helger},
	booktitle={International Conference on the Theory and Application of Cryptology and Information Security},
	pages={41--60},
	year={2013},
	organization={Springer}
}

@inproceedings{Damgaard91,
	title={Towards practical public key systems secure against chosen ciphertext attacks},
	author={Damg{\aa}rd, Ivan},
	booktitle={Annual International Cryptology Conference},
	pages={445--456},
	year={1991},
	organization={Springer}
}

@inproceedings{Bitansky12extractable,
	title={From extractable collision resistance to succinct non-interactive arguments of knowledge, and back again},
	author={Bitansky, Nir and Canetti, Ran and Chiesa, Alessandro and Tromer, Eran},
	booktitle={Proceedings of the 3rd Innovations in Theoretical Computer Science Conference},
	pages={326--349},
	year={2012},
	organization={ACM}
}

@article{Goldreich86,
	title={How to construct random functions},
	author={Goldreich, Oded and Goldwasser, Shafi and Micali, Silvio},
	journal={Journal of the ACM (JACM)},
	volume={33},
	number={4},
	pages={792--807},
	year={1986},
	publisher={ACM}
}  